@ARTICLE{becker2008a,
  author = {Steffen Becker and Heiko Koziolek and Ralf Reussner},
  title = {{The Palladio Component Model for Model-driven Performance Prediction}},
  journal = {Journal of Systems and Software},
  year = {2009},
  volume = {82},
  pages = {3--22},
  doi = {10.1016/j.jss.2008.03.066},
  publisher = {Elsevier Science Inc.},
  url = {http://dx.doi.org/10.1016/j.jss.2008.03.066}
}

@book{1400121,
   title =     {Machine Vision: Automated Visual Inspection: Theory, Practice and Applications},
   author =    {J체rgen Beyerer, Fernando Puente Le처n, Christian Frese},
   publisher = {Springer-Verlag Berlin Heidelberg},
   isbn =      {3662477939,978-3-662-47793-9,978-3-662-47794-6},
   year =      {2015},
   series =    {},
   edition =   {1st},
   volume =    {}}
   
@article{hirschmuller2007stereo,
  title={Stereo processing by semiglobal matching and mutual information},
  author={Hirschmuller, Heiko},
  journal={IEEE Transactions on pattern analysis and machine intelligence},
  volume={30},
  number={2},
  pages={328--341},
  year={2007},
  publisher={IEEE}
}

@article{scharstein2002taxonomy,
  title={A taxonomy and evaluation of dense two-frame stereo correspondence algorithms},
  author={Scharstein, Daniel and Szeliski, Richard},
  journal={International journal of computer vision},
  volume={47},
  number={1-3},
  pages={7--42},
  year={2002},
  publisher={Springer}
}

@article{Hirschm체ller07evaluationof,
    author = {Heiko Hirschm체ller},
    title = {Evaluation of Cost Functions for Stereo Matching},
    booktitle = {IEEE Computer Society Conference on Computer Vision and Pattern Recognition},
    year = {2007}
}